@article {AAC2010,
author="A. Auffinger and G. Ben Arous and J. Cerny",
title="Random Matrices and complexity of Spin Glasses",
year="2010",
eprint="arXiv/1003.1129",
doi=""
}